@Article{bodnar2021quantile_thesis,
  author    = {Bodnar, Taras and Lindholm, Mathias and Thors{\'e}n, Erik and Tyrcha, Joanna},
  journal   = {Computational Management Science},
  title     = {Quantile-based optimal portfolio selection},
  year      = {2021},
  number    = {3},
  pages     = {299--324},
  volume    = {18},
  doi       = {10.1007/s10287-021-00395-8},
  keywords  = {papers_list},
  publisher = {Springer},
}

@Article{BODNAR2022127120,
  author   = {Taras Bodnar and Mathias Lindholm and Vilhelm Niklasson and Erik Thors√©n},
  journal  = {Applied Mathematics and Computation},
  title    = {Bayesian portfolio selection using VaR and CVaR},
  year     = {2022},
  pages    = {127120},
  volume   = {427},
  doi      = {https://doi.org/10.1016/j.amc.2022.127120},
  keywords = {papers_list},
}

@Article{bodnar2021bayesian_thesis,
  author   = {Bodnar, Taras and Niklasson, Vilhelm and Thors{\'e}n, Erik},
  journal  = {Research report in Mathematical Statistics, 2021:6},
  title    = {{Volatility sensitive Bayesian estimation of portfolio VaR and CVaR}},
  year     = {2021},
  keywords = {papers_list},
}

  
@Manual{DOSPortfolio_thesis,
  title    = {{DOSPortfolio: dynamic optimal shrinkage of high-dimensional portfolios}},
  author   = {Taras Bodnar and Nestor Parolya and Erik Thors\'{e}n},
  note     = {R package version 0.1},
  year     = {2021},
  keywords = {papers_list},
  url      = {https://CRAN.R-project.org/package=DOSPortfolio},
}

@Article{javed2021tangency_thesis,
  author   = {Javed, Farrukh and Mazur, Stepan and Thors{\'e}n, Erik},
  journal  = {Under revision in Journal of the Operational Research Society},
  title    = {Tangency portfolio weights under a skew-normal model in small and large dimensions},
  year     = {2022},
  key      = {2},
  keywords = {included_in_thesis},
}

@Article{bodnar2021dynamic_thesis,
  author   = {Bodnar, Taras and Parolya, Nestor and Thors{\'e}n, Erik},
  journal  = {arXiv preprint arXiv:2106.02131},
  title    = {Dynamic shrinkage estimation of the high-dimensional minimum-variance portfolio},
  year     = {2021},
  key      = {3},
  keywords = {included_in_thesis},
}

@Article{bodnar2021empirical_thesis,
  author   = {Bodnar, Taras and Parolya, Nestor and Thors{\'e}n, Erik},
  journal  = {arXiv preprint arXiv:2111.12532},
  title    = {Is the empirical out-of-sample variance an informative risk measure for the high-dimensional portfolios?},
  year     = {2021},
  key      = {4},
  keywords = {included_in_thesis},
}

@Article{bodnar2022double_thesis,
  author   = {Bodnar, Taras and Parolya, Nestor and Thors{\'e}n, Erik},
  journal  = {arXiv preprint arXiv:2202.06666},
  title    = {Two is better than one: Regularized shrinkage of large minimum variance portfolio},
  year     = {2022},
  key      = {5},
  keywords = {included_in_thesis},
}

@Comment{jabref-meta: databaseType:bibtex;}
