@article{tobin1958liquidity,
  title={Liquidity preference as behavior towards risk},
  author={Tobin, James},
  journal={The review of economic studies},
  volume={25},
  number={2},
  pages={65--86},
  year={1958},
  publisher={JSTOR}
}

@book{livan2018introduction,
  title={Introduction to random matrices: theory and practice},
  author={Livan, Giacomo and Novaes, Marcel and Vivo, Pierpaolo},
  volume={26},
  year={2018},
  publisher={Springer}
}

@article{bodnar2021recent,
  title={Recent advances in shrinkage-based high-dimensional inference},
  author={Bodnar, Olha and Bodnar, Taras and Parolya, Nestor},
  journal={Journal of Multivariate Analysis},
  pages={104826},
  year={2021},
  publisher={Elsevier}
}

@Article{wigner1967random,
  author    = {Wigner, Eugene P.},
  journal   = {SIAM review},
  title     = {Random matrices in physics},
  year      = {1967},
  number    = {1},
  pages     = {1--23},
  volume    = {9},
  publisher = {SIAM},
}


@book{mehta2004random,
  title={Random matrices},
  author={Mehta, Madan Lal},
  year={2004},
  publisher={Elsevier}
}

@Article{lw20,
  author    = {Olivier Ledoit and Michael Wolf},
  journal   = {The Annals of Statistics},
  title     = {{Analytical nonlinear shrinkage of large-dimensional covariance matrices}},
  year      = {2020},
  number    = {5},
  pages     = {3043--3065},
  volume    = {48},
  doi       = {10.1214/19-AOS1921},
  keywords  = {Hilbert transform, Kernel estimation, rotation equivariance},
  publisher = {Institute of Mathematical Statistics},
  url       = {https://doi.org/10.1214/19-AOS1921},
}



@Article{lw12,
  author  = {Ledoit, O. and Wolf, M.},
  journal = {Annals of Statistics},
  title   = {Nonlinear shrinkage estimation of large-dimensional covariance matrices},
  year    = {2012},
  pages   = {1024--1060},
  volume  = {40},
}


@Article{lw17,
  author    = {Ledoit, Olivier and Wolf, Michael},
  journal   = {The Review of Financial Studies},
  title     = {{Nonlinear shrinkage of the covariance matrix for portfolio selection: Markowitz meets Goldilocks}},
  year      = {2017},
  number    = {12},
  pages     = {4349--4388},
  volume    = {30},
  publisher = {Oxford University Press},
}


@article{bodnar2008test,
  title={A test for the weights of the global minimum variance portfolio in an elliptical model},
  author={Bodnar, Taras and Schmid, Wolfgang},
  journal={Metrika},
  volume={67},
  number={2},
  pages={127--143},
  year={2008},
  publisher={Springer}
}

@Article{rubio2011spectral,
  author    = {Rubio, Francisco and Mestre, Xavier},
  journal   = {Statistics \& Probability Letters},
  title     = {Spectral convergence for a general class of random matrices},
  year      = {2011},
  number    = {5},
  pages     = {592--602},
  volume    = {81},
  publisher = {Elsevier},
}

@article{wang2015shrinkage,
  title={Shrinkage estimation of large dimensional precision matrix using random matrix theory},
  author={Wang, Cheng and Pan, Guangming and Tong, Tiejun and Zhu, Lixing},
  journal={Statistica Sinica},
  volume={25},
  pages={993--1008},
  year={2015},
  publisher={JSTOR}
}

@Article{bodnarokhrinparolya2020,
  author  = {Bodnar, Taras and Okhrin, Yarema and Parolya, Nestor},
  journal = {Journal of Business \& Economic Statistics},
  title   = {Optimal shrinkage{-}based portfolio selection in high dimensions},
  year    = {2021},
  number  = {under revision},
}

@Article{cai2020high,
  author    = {Cai, T. Tony and Hu, Jianchang and Li, Yingying and Zheng, Xinghua},
  journal   = {Journal of Econometrics},
  title     = {High-dimensional minimum variance portfolio estimation based on high-frequency data},
  year      = {2020},
  number    = {2},
  pages     = {482--494},
  volume    = {214},
  publisher = {Elsevier},
}

@article{fan2012vast,
  title={Vast portfolio selection with gross-exposure constraints},
  author={Fan, Jianqing and Zhang, Jingjin and Yu, Ke},
  journal={Journal of the American Statistical Association},
  volume={107},
  number={498},
  pages={592--606},
  year={2012},
  publisher={Taylor \& Francis}
}

@Article{kan2019sample,
  author  = {Kan, Raymond and Wang, Xiaolu and Zheng, Xinghua},
  journal = {SSRN},
  title   = {{In-Sample and Out-of-Sample Sharpe Ratios of Multi-Factor Asset Pricing Models}},
  year    = {2019},
}

@Article{ding2020high,
  author    = {Ding, Yi and Li, Yingying and Zheng, Xinghua},
  journal   = {Journal of Econometrics},
  title     = {High dimensional minimum variance portfolio estimation under statistical factor models},
  year      = {2021},
  number    = {1},
  pages     = {502--515},
  volume    = {222},
  publisher = {Elsevier},
}

@article{ao2019approaching,
  title={Approaching mean-variance efficiency for large portfolios},
  author={Ao, Mengmeng and Yingying, Li and Zheng, Xinghua},
  journal={The Review of Financial Studies},
  volume={32},
  number={7},
  pages={2890--2919},
  year={2019},
  publisher={Oxford University Press}
}

@Book{bai2010spectral,
  author    = {Bai, Zhidong and Silverstein, Jack W.},
  publisher = {Springer},
  title     = {{Spectral Analysis of Large Dimensional Random Matrices}},
  year      = {2010},
}

@Article{bodnar2020tests,
  author    = {Bodnar, Taras and Dmytriv, Solomiia and Okhrin, Yarema and Parolya, Nestor and Schmid, Wolfgang},
  journal   = {IEEE Transactions on Signal Processing},
  title     = {{Statistical Inference for the Expected Utility Portfolio in High Dimensions}},
  year      = {2021},
  pages     = {1--14},
  volume    = {69},
  publisher = {IEEE},
}


@article{bodnar2018estimation,
  title={Estimation of the global minimum variance portfolio in high dimensions},
  author={Bodnar, Taras and Parolya, Nestor and Schmid, Wolfgang},
  journal={European Journal of Operational Research},
  volume={266},
  number={1},
  pages={371--390},
  year={2018},
  publisher={Elsevier}
}

@Article{BodnarGuptaParolya2016,
  author    = {Bodnar, Taras and Gupta, Arjun K. and Parolya, Nestor},
  journal   = {Journal of Multivariate Analysis},
  title     = {Direct shrinkage estimation of large dimensional precision matrix},
  year      = {2016},
  pages     = {223--236},
  volume    = {146},
  publisher = {Elsevier},
}


@Article{BodnarGuptaParolya2014,
  author    = {Bodnar, Taras and Gupta, Arjun K. and Parolya, Nestor},
  journal   = {Journal of Multivariate Analysis},
  title     = {On the strong convergence of the optimal linear shrinkage estimator for large dimensional covariance matrix},
  year      = {2014},
  pages     = {215--228},
  volume    = {132},
  publisher = {Elsevier},
}

@article{chetelat2012,
	Author = {Ch{\'{e}}telat, Didier and Wells, Martin T.},
	Journal = {The Annals of Statistics},
	Pages = {3137--3160},
	Title = {Improved multivariate normal mean estimation with unknown covariance when $p$ is greater than $n$},
	Volume = {40},
	Year = {2012}}

@Article{wang2014,
  author  = {Wang, C. and Tong, T. and Cao, L. and Miao, B.},
  journal = {Journal of Multivariate Analysis},
  title   = {Non-parametric shrinkage mean estimation for quadratic loss functions with unknown covariance matrices},
  year    = {2014},
  pages   = {222--232},
  volume  = {125},
}

@Article{lw2004,
  author  = {Ledoit, O. and Wolf, M.},
  journal = {Journal of Multivariate Analysis},
  title   = {A well-conditioned estimator for large-dimensional covariance matrices},
  year    = {2004},
  pages   = {365--411},
  volume  = {88},
}

	
@article{bodnar2019optimal,
  title={Optimal shrinkage estimator for high-dimensional mean vector},
  author={Bodnar, Taras and Okhrin, Ostap and Parolya, Nestor},
  journal={Journal of Multivariate Analysis},
  volume={170},
  pages={63--79},
  year={2019},
  publisher={Elsevier}
}

@Article{frahm2010,
  author  = {Frahm, Gabriel and Memmel, Christoph},
  journal = {Journal of Econometrics},
  title   = {Dominating estimators for minimum-variance portfolios},
  year    = {2010},
  pages   = {289--302},
  volume  = {159},
}

	
@InProceedings{stein1956,
  author    = {Stein, Charles},
  booktitle = {Proceedings of the Third Berkeley Symposium on Mathematical Statistics and Probability, Volume 1: Contributions to the Theory of Statistics},
  title     = {{Inadmissibility of the Usual Estimator for the Mean of a Multivariate Normal Distribution}},
  year      = {1956},
  address   = {Berkeley, Calif.},
  pages     = {197--206},
  publisher = {University of California Press},
  url       = {https://projecteuclid.org/euclid.bsmsp/1200501656},
}

@Article{jobson1980estimation,
  author    = {Jobson, J. David and Korkie, Bob},
  journal   = {Journal of the American Statistical Association},
  title     = {{Estimation for Markowitz efficient portfolios}},
  year      = {1980},
  number    = {371},
  pages     = {544--554},
  volume    = {75},
  publisher = {Taylor \& Francis Group},
}

@book{markowitz1959portfolio,
  title={Portfolio selection: efficient diversification of investments},
  author={Markowitz, Harry},
  year={1959}  ,
  publisher={John Wiley \& Sons, Inc and Chapman \& Hall, Ltd.}
 }


@Article{hautsch2015high,
  author    = {Hautsch, Nikolaus and Kyj, Lada M. and Malec, Peter},
  journal   = {Journal of Applied Econometrics},
  title     = {Do high-frequency data improve high-dimensional portfolio allocations?},
  year      = {2015},
  pages     = {263--290},
  volume    = {30},
  publisher = {Wiley Online Library},
}

@article{bodnar2009sequential,
  title={Sequential surveillance of the tangency portfolio weights},
  author={Bodnar, Olha},
  journal={International Journal of Theoretical and Applied Finance},
  volume={12},
  number={06},
  pages={797--810},
  year={2009},
  publisher={World Scientific}
}

@article{golosnoy2019exponential,
  title={Exponential smoothing of realized portfolio weights},
  author={Golosnoy, Vasyl and Gribisch, Bastian and Seifert, Miriam Isabel},
  journal={Journal of Empirical Finance},
  volume={53},
  pages={222--237},
  year={2019},
  publisher={Elsevier}
}

@Article{BodnarDmytriv2019,
  author  = {Bodnar, Taras and Dmytriv, Solomiia and Parolya, Nestor and Schmid, Wolfang},
  journal = {IEEE Transactions on Signal Processing},
  title   = {Tests for the weights of the global minimum variance portfolio in a high-dimensional setting},
  year    = {2019},
  number  = {17},
  pages   = {4479--4493},
  volume  = {67},
}

@Article{tu2010incorporating,
  author    = {Tu, Jun and Zhou, Guofu},
  journal   = {Journal of Financial and Quantitative Analysis},
  title     = {{Incorporating economic objectives into Bayesian priors: Portfolio choice under parameter uncertainty}},
  year      = {2010},
  pages     = {959--986},
  publisher = {JSTOR},
}

@article{bauder2019bayesian,
  title={Bayesian estimation of the efficient frontier},
  author={Bauder, David and Bodnar, Rostyslav and Bodnar, Taras and Schmid, Wolfgang},
  journal={Scandinavian Journal of Statistics},
  volume={46},
  pages={802--830},
  year={2019},
  publisher={Wiley Online Library}
}

@article{broadie1993computing,
  title={Computing efficient frontiers using estimated parameters},
  author={Broadie, Mark},
  journal={Annals of Operations Research},
  volume={45},
  pages={21--58},
  year={1993},
  publisher={Springer}
}

@Article{siegel2007performance,
  author    = {Siegel, Andrew F. and Woodgate, Artemiza},
  journal   = {Management Science},
  title     = {Performance of portfolios optimized with estimation error},
  year      = {2007},
  pages     = {1005--1015},
  volume    = {53},
  publisher = {INFORMS},
}


@article{bodnar2010unbiased,
  title={On the unbiased estimator of the efficient frontier},
  author={Bodnar, Olha and Bodnar, Taras},
  journal={International Journal of Theoretical and Applied Finance},
  volume={13},
  pages={1065--1073},
  year={2010},
  publisher={World Scientific}
}

@Book{rachev2008bayesian,
  author    = {Rachev, Svetlozar T. and Hsu, John S. J. and Bagasheva, Biliana S. and Fabozzi, Frank J.},
  publisher = {John Wiley \& Sons},
  title     = {Bayesian methods in finance},
  year      = {2008},
}

@Book{brugiere2020quantitative,
  author    = {Brugi{\`e}re, Pierre},
  publisher = {Springer},
  title     = {{Quantitative Portfolio Management}},
  year      = {2020},
  journal   = {Springer Texts in Business and Economics},
}

@misc{tradingbook2013,
   author = "{Bank for International Settlements}",
   title = "Fundamental review of the trading book: a revised market risk framework",
   year = "2013",
   url = "https://www.bis.org/publ/bcbs265.pdf",
   note = "[Online; accessed 14-July-2020]"
}

@Misc{wiki:SP500,
  author = {{Wikipedia contributors}},
  note   = {[Online; accessed 14-July-2020]},
  title  = {{List of S\&P 500 companies -- Wikipedia, the Free encyclopedia}},
  year   = {2020},
  url    = {https://en.wikipedia.org/wiki/List\_of\_S\&P\_500\_companies},
}

@Article{kingman1978uses,
  author    = {Kingman, John F. C. and others},
  journal   = {The Annals of Probability},
  title     = {Uses of exchangeability},
  year      = {1978},
  number    = {2},
  pages     = {183--197},
  volume    = {6},
  publisher = {Institute of Mathematical Statistics},
}

@article{ding2016conditional,
  title={On the conditional distribution of the multivariate t distribution},
  author={Ding, Peng},
  journal={The American Statistician},
  volume={70},
  number={3},
  pages={293--295},
  year={2016},
  publisher={Taylor \& Francis}
}

@Article{diebold1999multivariate,
  author    = {Diebold, Francis X. and Hahn, Jinyong and Tay, Anthony S.},
  journal   = {Review of Economics and Statistics},
  title     = {Multivariate density forecast evaluation and calibration in financial risk management: high-frequency returns on foreign exchange},
  year      = {1999},
  number    = {4},
  pages     = {661--673},
  volume    = {81},
  publisher = {MIT Press},
}

@article{li2019testing,
  title={On testing for high-dimensional white noise},
  author={Li, Zeng and Lam, Clifford and Yao, Jianfeng and Yao, Qiwei and others},
  journal={The Annals of Statistics},
  volume={47},
  number={6},
  pages={3382--3412},
  year={2019},
  publisher={Institute of Mathematical Statistics}
}

@Book{tsay2005analysis,
  author    = {Tsay, Ruey S.},
  publisher = {John Wiley \& Sons},
  title     = {Analysis of financial time series},
  year      = {2010},
}

@Article{stambaugh1997analyzing,
  author    = {Stambaugh, Robert F.},
  journal   = {Journal of Financial Economics},
  title     = {Analyzing investments whose histories differ in length},
  year      = {1997},
  pages     = {285--331},
  volume    = {45},
  publisher = {Elsevier},
}

@PhdThesis{Brown1976,
  author        = {Brown, Stephen J.},
  school        = {University of Chicago},
  title         = {{Optimal portfolio choice under uncertainty: a Bayesian approach}},
  year          = {1976},
  date-added    = {2015-12-08 22:24:22 +0000},
  date-modified = {2015-12-08 22:25:49 +0000},
}

@Article{frost1986empirical,
  author    = {Frost, Peter A. and Savarino, James E.},
  journal   = {Journal of Financial and Quantitative Analysis},
  title     = {{An empirical Bayes approach to efficient portfolio selection}},
  year      = {1986},
  number    = {3},
  pages     = {293--305},
  volume    = {21},
  publisher = {Cambridge University Press},
}

@Article{Barry1974,
  author        = {Barry, Christopher B.},
  journal       = {Journal of Finance},
  title         = {{Portfolio analysis under uncertain means, variances, and covariances}},
  year          = {1974},
  pages         = {515--522},
  volume        = {29},
  date-added    = {2015-12-08 22:22:50 +0000},
  date-modified = {2015-12-08 22:23:59 +0000},
}

	
@Article{kolm2017bayesian,
  author    = {Kolm, Petter and Ritter, Gordon},
  journal   = {European Journal of Operational Research},
  title     = {{On the Bayesian interpretation of Black--Litterman}},
  year      = {2017},
  number    = {2},
  pages     = {564--572},
  volume    = {258},
  publisher = {Elsevier},
}

@Book{GuptaNagar2000,
  author        = {Gupta, Arjun K. and Nagar, Daya K.},
  publisher     = {Chapman and Hall/CRC},
  title         = {Matrix variate distributions},
  year          = {2000},
  address       = {Boca Raton},
  date-added    = {2015-03-05 09:41:13 +0000},
  date-modified = {2015-03-05 09:42:38 +0000},
}

	
@article{black1992global,
  title={Global portfolio optimization},
  author={Black, Fischer and Litterman, Robert},
  journal={Financial Analysts Journal},
  volume={48},
  pages={28--43},
  year={1992},
  publisher={CFA Institute}
}

@Article{kruger2020predictive,
  author  = {Kr{\"u}ger, Fabian and Lerch, Sebastian and Thorarinsdottir, Thordis L. and Gneiting, Tilmann},
  journal = {arXiv preprint arXiv:1608.06802},
  title   = {{Predictive inference based on Markov chain Monte Carlo output}},
  year    = {2020},
}

@Book{bronshtein2013handbook,
  author    = {Bronshtein, Ilja N. and Semendyayev, Konstantin A. and Musiol, Gerhard and M\"{u}hlig, Heiner},
  publisher = {Springer Science \& Business Media},
  title     = {{Handbook of Mathematics}},
  year      = {2015},
}

@Article{kan2008distribution,
  author    = {Kan, Raymond and Smith, Daniel R.},
  journal   = {Management Science},
  title     = {The distribution of the sample minimum-variance frontier},
  year      = {2008},
  number    = {7},
  pages     = {1364--1380},
  volume    = {54},
  publisher = {INFORMS},
}

@Article{zellner2010direct,
  author    = {Zellner, Arnold and Ando, Tomohiro},
  journal   = {Journal of Econometrics},
  title     = {{A direct Monte Carlo approach for Bayesian analysis of the seemingly unrelated regression model}},
  year      = {2010},
  number    = {1},
  pages     = {33--45},
  volume    = {159},
  publisher = {Elsevier},
}

@book{jorion1997value,
  title={Value at risk: the new benchmark for controlling market risk},
  author={Jorion, Philippe},
  year={1997},
  publisher={Irwin Professional Pub.}
}


@article{krokhmal2002portfolio,
  title={Portfolio optimization with conditional value-at-risk objective and constraints},
  author={Krokhmal, Pavlo and Palmquist, Jonas and Uryasev, Stanislav},
  journal={Journal of risk},
  volume={4},
  pages={43--68},
  year={2002},
  publisher={Citeseer}
}

@article{pritsker1997evaluating,
  title={Evaluating value at risk methodologies: accuracy versus computational time},
  author={Pritsker, Matthew},
  journal={Journal of Financial Services Research},
  volume={12},
  number={2-3},
  pages={201--242},
  year={1997},
  publisher={Springer}
}

@article{tversky1992advances,
  title={Advances in prospect theory: Cumulative representation of uncertainty},
  author={Tversky, Amos and Kahneman, Daniel},
  journal={Journal of Risk and uncertainty},
  volume={5},
  number={4},
  pages={297--323},
  year={1992},
  publisher={Springer}
}

@Book{bernardo2009bayesian,
  author    = {Bernardo, Jos{\'e} M. and Smith, Adrian F. M.},
  publisher = {John Wiley \& Sons},
  title     = {Bayesian theory},
  year      = {2009},
  volume    = {405},
}

@Article{jorion1986bayes,
  author    = {Jorion, Philippe},
  journal   = {Journal of Financial and Quantitative analysis},
  title     = {{Bayes-Stein estimation for portfolio analysis}},
  year      = {1986},
  number    = {3},
  pages     = {279--292},
  volume    = {21},
  publisher = {Cambridge University Press},
}

@Book{hull2003options,
  author    = {Hull, John C.},
  publisher = {Pearson Education India},
  title     = {Options futures and other derivatives},
  year      = {2003},
}

@Article{baumol1963expected,
  author    = {Baumol, William J.},
  journal   = {Management Science},
  title     = {An expected gain-confidence limit criterion for portfolio selection},
  year      = {1963},
  number    = {1},
  pages     = {174--182},
  volume    = {10},
  publisher = {INFORMS},
}

@Book{givens2013computational,
  author    = {Givens, Geof H. and Hoeting, Jennifer A.},
  publisher = {John Wiley \& Sons},
  title     = {Computational statistics},
  year      = {2013},
}

@Book{bawa1979estimation,
  author    = {Bawa, Vijay S. and Brown, Stephen J. and Klein, Roger W.},
  publisher = {North-Holland},
  title     = {Estimation risk and optimal portfolio choice},
  year      = {1979},
}

@article{avramov2010bayesian,
  title={Bayesian portfolio analysis},
  author={Avramov, Doron and Zhou, Guofu},
  journal={The Annual Review of Financial Economics},
  volume={2},
  number={1},
  pages={25--47},
  year={2010},
  publisher={Annual Reviews}
}

@Article{winkler1975bayesian,
  author    = {Winkler, Robert L. and Barry, Christopher B.},
  journal   = {The Journal of Finance},
  title     = {{A Bayesian model for portfolio selection and revision}},
  year      = {1975},
  number    = {1},
  pages     = {179--192},
  volume    = {30},
  publisher = {JSTOR},
}

@Article{frankfurter1971portfolio,
  author    = {Frankfurter, George M. and Phillips, Herbert E. and Seagle, John P.},
  journal   = {Journal of Financial and Quantitative Analysis},
  title     = {Portfolio selection: the effects of uncertain means, variances, and covariances},
  year      = {1971},
  number    = {5},
  pages     = {1251--1262},
  volume    = {6},
  publisher = {Cambridge University Press},
}

@Article{klein1976effect,
  author    = {Klein, Roger W. and Bawa, Vijay S.},
  journal   = {Journal of Financial Economics},
  title     = {The effect of estimation risk on optimal portfolio choice},
  year      = {1976},
  number    = {3},
  pages     = {215--231},
  volume    = {3},
  publisher = {Elsevier},
}

@Article{best1991sensitivity,
  author    = {Best, Michael J. and Grauer, Robert R.},
  journal   = {The review of financial studies},
  title     = {On the sensitivity of mean-variance-efficient portfolios to changes in asset means: some analytical and computational results},
  year      = {1991},
  number    = {2},
  pages     = {315--342},
  volume    = {4},
  publisher = {Oxford University Press},
}

@Article{chopra1993effect,
  author    = {Chopra, Vijay K. and Ziemba, William T.},
  journal   = {Journal of Portfolio Management},
  title     = {The effect of errors in means, variances, and covariances on optimal portfolio choice},
  year      = {1993},
  number    = {2},
  pages     = {6--11},
  volume    = {19},
  publisher = {Euromoney Institutional Investor PLC},
}

@InCollection{brandt2010portfolio,
  author    = {Brandt, Michael W.},
  booktitle = {Handbook of financial econometrics: Tools and techniques},
  publisher = {Elsevier},
  title     = {Portfolio choice problems},
  year      = {2010},
  pages     = {269--336},
}

@Article{bauder2018bayesian,
  author    = {Bauder, David and Bodnar, Taras and Parolya, Nestor and Schmid, Wolfgang},
  journal   = {Quantitative Finance},
  title     = {Bayesian mean--variance analysis: optimal portfolio selection under parameter uncertainty},
  year      = {2021},
  number    = {2},
  pages     = {221--242},
  volume    = {21},
  publisher = {Taylor \& Francis},
}

@Article{jiang2016tail,
  author    = {Jiang, Chun-Fu and Peng, Hong-Yi and Yang, Yu-Kuan},
  journal   = {Applied Mathematics and Computation},
  title     = {{Tail variance of portfolio under generalized Laplace distribution}},
  year      = {2016},
  pages     = {187--203},
  volume    = {282},
  publisher = {Elsevier},
}

@article{yu2014diversified,
  title={Diversified portfolios with different entropy measures},
  author={Yu, Jing-Rung and Lee, Wen-Yi and Chiou, Wan-Jiun Paul},
  journal={Applied Mathematics and Computation},
  volume={241},
  pages={47--63},
  year={2014},
  publisher={Elsevier}
}

@Article{bodnar2017sharpe,
  author        = {Taras Bodnar and Taras Zabolotskyy},
  journal       = {Advances in Statistical Analysis},
  title         = {{How risky is the optimal portfolio which maximizes the Sharpe ratio?}},
  year          = {2017},
  date-added    = {2018-09-11 07:54:10 +0000},
  date-modified = {2018-09-21 15:03:02 +0000},
}

@article{acerbi2002spectral,
	Author = {Acerbi, Carlo},
	Journal = {Journal of Banking \& Finance},
	Number = {7},
	Pages = {1505--1518},
	Publisher = {Elsevier},
	Title = {Spectral measures of risk: A coherent representation of subjective risk aversion},
	Volume = {26},
	Year = {2002}}

@article{adam2008spectral,
	Author = {Adam, Alexandre and Houkari, Mohamed and Laurent, Jean-Paul},
	Journal = {Journal of Banking \& Finance},
	Number = {9},
	Pages = {1870--1882},
	Publisher = {Elsevier},
	Title = {Spectral risk measures and portfolio selection},
	Volume = {32},
	Year = {2008}}

@Article{alexander2004comparison,
  author    = {Alexander, Gordon J. and Baptista, Alexandre M.},
  journal   = {Management Science},
  title     = {{A comparison of VaR and CVaR constraints on portfolio selection with the mean-variance model}},
  year      = {2004},
  number    = {9},
  pages     = {1261--1273},
  volume    = {50},
  publisher = {INFORMS},
}

@Article{alexander2002economic,
  author    = {Alexander, Gordon J. and Baptista, Alexandre M.},
  journal   = {Journal of Economic Dynamics and Control},
  title     = {{Economic implications of using a mean-VaR model for portfolio selection: A comparison with mean-variance analysis}},
  year      = {2002},
  number    = {7},
  pages     = {1159--1193},
  volume    = {26},
  publisher = {Elsevier},
}

@Book{Bazaraa2013,
  author    = {Bazaraa, Mokhtar S. and Sherali, Hanif D. and Shetty, Chitharanjan M.},
  publisher = {John Wiley \& Sons},
  title     = {Nonlinear programming: theory and algorithms},
  year      = {2013},
}

@Article{Bodnar2009CaIotEFiEM,
  author        = {Bodnar, Taras and Gupta, Arjun},
  journal       = {Journal of the Japan Statistical Society},
  title         = {{Construction and Inferences of the Efficient Frontier in Elliptical Models}},
  year          = {2009},
  volume        = {39},
  date-modified = {2018-09-21 15:04:01 +0000},
}

@article{bodnar2013equivalence,
	Author = {Bodnar, Taras and Parolya, Nestor and Schmid, Wolfgang},
	Journal = {European Journal of Operational Research},
	Number = {3},
	Pages = {637--644},
	Publisher = {Elsevier},
	Title = {On the equivalence of quadratic optimization problems commonly used in portfolio theory},
	Volume = {229},
	Year = {2013}}

@article{ExactEU,
	Author = {Bodnar, Taras and Schmid, Wolfgang},
	Journal = {Statistics \& Risk Modeling with Applications in Finance and Insurance},
	Number = {4},
	Pages = {319--342},
	Title = {On the exact distribution of the estimated expected utility portfolio weights: Theory and applications},
	Volume = {28},
	Year = {2011}}

@article{Bodnar2009Econometricalanalysisofthesampleefficientfrontier,
	Author = {Bodnar, Taras and Schmid, Wolfgang},
	Date-Modified = {2018-09-21 15:03:45 +0000},
	Journal = {The European Journal of Finance},
	Number = {3},
	Pages = {317--335},
	Publisher = {Taylor \& Francis},
	Title = {Econometrical analysis of the sample efficient frontier},
	Volume = {15},
	Year = {2009}}

@Article{Bodnar2008Mpaupu,
  author        = {Bodnar, T. and Schmid, W.},
  journal       = {Statistics and Decisions},
  title         = {Mean-variance portfolio analysis under parameter uncertainty},
  year          = {2008},
  pages         = {179--201},
  volume        = {26},
  date-modified = {2018-09-21 15:02:46 +0000},
}

@Article{Bodnar2013AbotewaotepmotmVatmCopfdd,
  author        = {Bodnar, Taras and Schmid, Wolfgang and Zabolotskyy, Taras},
  journal       = {Metrika},
  title         = {{Asymptotic behavior of the estimated weights and of the estimated performance measures of the minimum VaR and the minimum CVaR optimal portfolios for dependent data}},
  year          = {2013},
  issn          = {1435-926X},
  number        = {8},
  pages         = {1105--1134},
  volume        = {76},
  bdsk-url-1    = {https://doi.org/10.1007/s00184-013-0432-1},
  date-modified = {2018-03-12 10:49:45 +0000},
  day           = {01},
  doi           = {10.1007/s00184-013-0432-1},
  url           = {https://doi.org/10.1007/s00184-013-0432-1},
}

@Article{bodnar2012minimum,
  author    = {Bodnar, Taras and Schmid, Wolfgang and Zabolotskyy, Tara},
  journal   = {Statistics \& Risk Modeling with Applications in Finance and Insurance},
  title     = {{Minimum VaR and Minimum CVaR optimal portfolios: estimators, confidence regions, and tests}},
  year      = {2012},
  number    = {4},
  pages     = {281--313},
  volume    = {29},
  publisher = {Oldenbourg Wissenschaftsverlag GmbH},
}


@article{Bodnar2009Sioteffdar,
	Author = {Bodnar, Taras and Schmid, Wolfgang and Zabolotskyy, Taras},
	Journal = {Statistical papers},
	Number = {3},
	Pages = {593--604},
	Publisher = {Springer},
	Title = {Statistical inference of the efficient frontier for dependent asset returns},
	Volume = {50},
	Year = {2009}}

@Book{Brockwell1987TsTaM,
  author    = {Brockwell, P. J. and Davis, R. A.},
  publisher = {Springer series in statistics},
  title     = {{Time series: Theory and Methods}},
  year      = {1987},
  owner     = {erth4337},
  timestamp = {2018.04.12},
}

@Article{chan1999portfolio,
  author    = {Chan, Louis K. C. and Karceski, Jason and Lakonishok, Josef},
  journal   = {The Review of Financial Studies},
  title     = {On portfolio optimization: Forecasting covariances and choosing the risk model},
  year      = {1999},
  number    = {5},
  pages     = {937--974},
  volume    = {12},
  publisher = {Oxford University Press},
}

@Book{zangfang1990,
  author     = {Fang, K. and Zhang, Y. T.},
  publisher  = {Science Press},
  title      = {Generalized multivariate analysis},
  year       = {1990},
  isbn       = {9783540176510},
  bdsk-url-1 = {https://books.google.se/books?id=WibvAAAAMAAJ},
  url        = {https://books.google.se/books?id=WibvAAAAMAAJ},
}

@Book{gupta2013elliptically,
  author    = {Gupta, Arjun K. and Varga, Tamas and Bodnar, Taras},
  publisher = {Springer},
  title     = {Elliptically contoured models in statistics and portfolio theory},
  year      = {2013},
}

@Article{hamada2008capm,
  author    = {Hamada, Mahmoud and Valdez, Emiliano A.},
  journal   = {Journal of Risk and Insurance},
  title     = {{CAPM and option pricing with elliptically contoured distributions}},
  year      = {2008},
  number    = {2},
  pages     = {387--409},
  volume    = {75},
  publisher = {Wiley Online Library},
}

@book{hannan2009multiple,
	Author = {Hannan, Edward James},
	Publisher = {John Wiley \& Sons},
	Title = {Multiple time series},
	Volume = {38},
	Year = {2009}}

@Book{harville1997matrix,
  author    = {Harville, David A.},
  publisher = {Springer},
  title     = {Matrix algebra from a statistician's perspective},
  year      = {1997},
  volume    = {1},
}

@Book{JohnKotz,
  author    = {Normal L. Johnson and Samuel Kotz},
  publisher = {John Wiley \& Sons},
  title     = {Continuous univariate distributions 2},
  year      = {1970},
  owner     = {erth4337},
  timestamp = {2018.01.16},
}

@book{kotz2004multivariate,
  title={Multivariate t-distributions and their applications},
  author={Kotz, Samuel and Nadarajah, Saralees},
  year={2004},
  publisher={Cambridge University Press}
}

@Article{linsmeier2000value,
  author    = {Linsmeier, Thomas J. and Pearson, Neil D.},
  journal   = {Financial Analysts Journal},
  title     = {Value at risk},
  year      = {2000},
  number    = {2},
  pages     = {47--67},
  volume    = {56},
  publisher = {CFA Institute},
}

@article{markowitz1952,
	Author = {Markowitz, Harry},
	Journal = {The Journal of Finance},
	Number = {1},
	Pages = {77--91},
	Title = {Portfolio selection},
	Volume = {7},
	Year = {1952}}

@Article{merton1980estimating,
  author        = {Merton, Robert C.},
  journal       = {Journal of Financial Economics},
  title         = {On estimating the expected return on the market: An exploratory investigation},
  year          = {1980},
  number        = {4},
  pages         = {323--361},
  volume        = {8},
  date-modified = {2018-09-21 15:04:24 +0000},
  publisher     = {Elsevier},
}

@Article{merton1972,
  author        = {Merton, Robert C.},
  journal       = {The Journal of Financial and Quantitive Analysis},
  title         = {{An analytic derivation of the efficient Portfolio frontier}},
  year          = {1972},
  number        = {4},
  pages         = {1851--1872},
  volume        = {7},
  date-modified = {2018-09-21 15:04:37 +0000},
  owner         = {erth4337},
  timestamp     = {2018.01.31},
}

@book{meucci2009risk,
	Author = {Meucci, Attilio},
	Publisher = {Springer Science \& Business Media},
	Title = {Risk and asset allocation},
	Year = {2009}}

@Book{muirhead1990,
  author    = {Muirhead, Robb},
  publisher = {New York: Wiley},
  title     = {{Aspects of Multivariate Statistical Theory}},
  year      = {1990},
}

@article{okhrin2006distributional,
	Author = {Okhrin, Yarema and Schmid, Wolfgang},
	Date-Modified = {2018-09-21 15:04:43 +0000},
	Journal = {Journal of Econometrics},
	Number = {1},
	Pages = {235--256},
	Publisher = {Elsevier},
	Title = {Distributional properties of portfolio weights},
	Volume = {134},
	Year = {2006}}

@Article{Owen1983OtCoEDatAttToPC,
  author     = {Joel Owen and Ramon Rabinovitch},
  journal    = {The Journal of Finance},
  title      = {{On the Class of Elliptical Distributions and their Applications to the Theory of Portfolio Choice}},
  year       = {1983},
  number     = {3},
  pages      = {745--752},
  volume     = {38},
  bdsk-url-1 = {http://www.jstor.org/stable/2328079},
  publisher  = {[American Finance Association, Wiley]},
  url        = {http://www.jstor.org/stable/2328079},
}

@Book{rachev2005fat,
  author    = {Rachev, Svetlozar T. and Menn, Christian and Fabozzi, Frank J.},
  publisher = {John Wiley \& Sons},
  title     = {Fat-tailed and skewed asset return distributions: implications for risk management, portfolio selection, and option pricing},
  year      = {2005},
  volume    = {139},
}

@Article{rockafellar2002conditional,
  author        = {Rockafellar, R. Tyrrell and Uryasev, Stanislav},
  journal       = {Journal of Banking \& Finance},
  title         = {Conditional value-at-risk for general loss distributions},
  year          = {2002},
  number        = {7},
  pages         = {1443--1471},
  volume        = {26},
  date-added    = {2018-03-12 12:09:38 +0000},
  date-modified = {2018-09-21 15:04:58 +0000},
  publisher     = {Elsevier},
}

@Article{rockafellar2000optimization,
  author        = {Rockafellar, R. Tyrrell and Uryasev, Stanislav},
  journal       = {Journal of Risk},
  title         = {Optimization of conditional value-at-risk},
  year          = {2000},
  pages         = {21--42},
  volume        = {2},
  date-added    = {2018-03-12 09:57:39 +0000},
  date-modified = {2018-09-21 15:05:04 +0000},
}

@Article{rockafellar2006optimality,
  author        = {Rockafellar, R. Tyrrell and Uryasev, Stan and Zabarankin, Michael},
  journal       = {Mathematical Programming},
  title         = {Optimality conditions in portfolio analysis with general deviation measures},
  year          = {2006},
  number        = {2-3},
  pages         = {515--540},
  volume        = {108},
  date-added    = {2018-03-12 15:36:22 +0000},
  date-modified = {2018-03-12 15:36:22 +0000},
  publisher     = {Springer},
}

@book{shapiro2009lectures,
	Author = {Shapiro, Alexander and Dentcheva, Darinka and Ruszczy{\'n}ski, Andrzej},
	Publisher = {SIAM},
	Title = {Lectures on stochastic programming: modeling and theory},
	Year = {2009}}

@article{artzner1999coherent,
  title={Coherent measures of risk},
  author={Artzner, Philippe and Delbaen, Freddy and Eber, Jean-Marc and Heath, David},
  journal={Mathematical Finance},
  volume={9},
  number={3},
  pages={203--228},
  year={1999},
  publisher={Wiley Online Library}
}

@Article{YAO20131014,
  author   = {Haixiang Yao and Zhongfei Li and Yongzeng Lai},
  journal  = {Computers and Operations Research},
  title    = {{Mean-CVaR portfolio selection: A nonparametric estimation framework}},
  year     = {2013},
  issn     = {0305-0548},
  number   = {4},
  pages    = {1014--1022},
  volume   = {40},
  doi      = {https://doi.org/10.1016/j.cor.2012.11.007},
  keywords = {Portfolio selection, Conditional Value-at-Risk, Nonparametric estimation, Convex optimization, Monte Carlo simulation},
  url      = {http://www.sciencedirect.com/science/article/pii/S0305054812002511},
}

@Article{HUANG2010185,
  author   = {Dashan Huang and Shushang Zhu and Frank J. Fabozzi and Masao Fukushima},
  journal  = {European Journal of Operational Research},
  title    = {{Portfolio selection under distributional uncertainty: A relative robust CVaR approach}},
  year     = {2010},
  issn     = {0377-2217},
  number   = {1},
  pages    = {185--194},
  volume   = {203},
  doi      = {https://doi.org/10.1016/j.ejor.2009.07.010},
  keywords = {Conditional value-at-risk, Worst-case conditional value-at-risk, Relative robust conditional value-at-risk, Portfolio selection problem, Linear programming},
  url      = {http://www.sciencedirect.com/science/article/pii/S0377221709005104},
}

@Article{he2011portfolio,
  author    = {He, Xue Dong and Zhou, Xun Yu},
  title     = {Portfolio choice via quantiles},
  journal   = {Mathematical Finance: An International Journal of Mathematics, Statistics and Financial Economics},
  year      = {2011},
  volume    = {21},
  number    = {2},
  pages     = {203--231},
  publisher = {Wiley Online Library},
}

@Article{adcock2010asset,
  author    = {Adcock, Chris J.},
  journal   = {Annals of Operations Research},
  title     = {{Asset pricing and portfolio selection based on the multivariate extended skew-Student-t distribution}},
  year      = {2010},
  number    = {1},
  pages     = {221--234},
  volume    = {176},
  publisher = {Springer},
}

@Article{eling2014fitting,
  author    = {Eling, Martin},
  title     = {Fitting asset returns to skewed distributions: Are the skew-normal and skew-student good models?},
  journal   = {Insurance: Mathematics and Economics},
  year      = {2014},
  volume    = {59},
  pages     = {45--56},
  publisher = {Elsevier},
}

@Article{goh2012portfolio,
  author    = {Goh, Joel Weiqiang and Lim, Kian Guan and Sim, Melvyn and Zhang, Weina},
  title     = {Portfolio value-at-risk optimization for asymmetrically distributed asset returns},
  journal   = {European Journal of Operational Research},
  year      = {2012},
  volume    = {221},
  number    = {2},
  pages     = {397--406},
  publisher = {Elsevier},
}

@article{bauder2020bayesian,
  title={Bayesian inference of the multi-period optimal portfolio for an exponential utility},
  author={Bauder, David and Bodnar, Taras and Parolya, Nestor and Schmid, Wolfgang},
  journal={Journal of Multivariate Analysis},
  volume={175},
  note={104544},
  year={2020},
  publisher={Elsevier}
}


@article{cont2001empirical,
  title={Empirical properties of asset returns: stylized facts and statistical issues},
  author={Cont, Rama},
  journal={Quantitative Finance},
  volume={1},
  pages={223--236},
  year={2001},
  publisher={Institute of Physics Publishing}
}

@Article{fissler2015expected,
  author  = {Fissler, Tobias and Ziegel, Johanna F. and Gneiting, Tilmann},
  journal = {arXiv preprint arXiv:1507.00244},
  title   = {{Expected Shortfall is jointly elicitable with Value at Risk-Implications for backtesting}},
  year    = {2015},
}

@article{emmer2015best,
  title={What is the best risk measure in practice? A comparison of standard measures},
  author={Emmer, Susanne and Kratz, Marie and Tasche, Dirk},
  journal={Journal of Risk},
  volume={18},
  number={2},
  year={2015}
}

@article{bodnar2016optimal,
  title={Optimal shrinkage-based portfolio selection in high dimensions},
  author={Bodnar, Taras and Okhrin, Yarema and Parolya, Nestor},
  journal={arXiv preprint arXiv:1611.01958},
  year={2016}
}

@Article{bollerslev1990modelling,
  author    = {Bollerslev, Tim},
  journal   = {The Review of Economics and Statistics},
  title     = {{Modelling the coherence in short-run nominal exchange rates: a multivariate generalized ARCH model}},
  year      = {1990},
  number    = {3},
  pages     = {498--505},
  volume    = {72},
  publisher = {JSTOR},
}

@article{fan2013large,
  title={Large covariance estimation by thresholding principal orthogonal complements},
  author={Fan, Jianqing and Liao, Yuan and Mincheva, Martina},
  journal={Journal of the Royal Statistical Society. Series B, Statistical methodology},
  volume={75},
  number={4},
  pages={603--680},
  year={2013},
  publisher={NIH Public Access}
}

@article{fan2008high,
  title={High dimensional covariance matrix estimation using a factor model},
  author={Fan, Jianqing and Fan, Yingying and Lv, Jinchi},
  journal={Journal of Econometrics},
  volume={147},
  number={1},
  pages={186--197},
  year={2008},
  publisher={Elsevier}
}

@book{hult2012risk,
	title={Risk and portfolio analysis: Principles and methods},
	author={Hult, Henrik and Lindskog, Filip and Hammarlid, Ola and Rehn, Carl Johan},
	year={2012},
	publisher={Springer Science \& Business Media}
}

@incollection{stein2020inadmissibility,
  title={Inadmissibility of the usual estimator for the mean of a multivariate normal distribution},
  author={Stein, Charles},
  booktitle={Contribution to the Theory of Statistics},
  pages={197--206},
  year={1956},
  publisher={University of California Press}
}

@incollection{james1992estimation,
  title={Estimation with quadratic loss},
  author={James, William and Stein, Charles},
  booktitle={Breakthroughs in statistics},
  pages={443--460},
  year={1992},
  publisher={Springer}
}

@article{bodnar2021quantile,
  title={Quantile-based optimal portfolio selection},
  author={Bodnar, Taras and Lindholm, Mathias and Thors{\'e}n, Erik and Tyrcha, Joanna},
  journal={Computational Management Science},
  pages={1--26},
  year={2021},
  publisher={Springer},
  keywords={papers_list}
}

@Article{bodnar2020sampling,
  author   = {Bodnar, Taras and Dette, Holger and Parolya, Nestor and Thors\'en, Erik},
  journal  = {Random Matrices: Theory and Applications},
  title    = {Sampling distributions of optimal portfolio weights and characteristics in small and large dimensions},
  year     = {2021},
  pages    = {2250008},
  keywords = {included_in_thesis},
  sortkey  = {1},
}

@Article{javed2021tangency,
  author   = {Javed, Farrukh and Mazur, Stepan and Thors{\'e}n, Erik},
  journal  = {Research report in Mathematical statistics, 2021:8},
  title    = {Tangency portfolio weights under a skew-normal model in small and large dimensions},
  year     = {2021},
  keywords = {included_in_thesis},
  sortkey  = {2},
}

@Article{bodnar2021dynamic,
  author   = {Bodnar, Taras and Parolya, Nestor and Thors{\'e}n, Erik},
  journal  = {arXiv preprint arXiv:2106.02131},
  title    = {{Dynamic Shrinkage Estimation of the High-Dimensional Minimum-Variance Portfolio}},
  year     = {2021},
  keywords = {included_in_thesis},
  sortkey  = {3},
}

@Article{bodnar2021empirical,
  author   = {Bodnar, Taras and Parolya, Nestor and Thors{\'e}n, Erik},
  journal  = {arXiv preprint arXiv:2111.12532},
  title    = {Is the empirical out-of-sample variance an informative risk measure for the high-dimensional portfolios?},
  year     = {2021},
  keywords = {included_in_thesis},
  sortkey  = {4},
}

@Article{bodnar2022double,
  author   = {Bodnar, Taras and Parolya, Nestor and Thors{\'e}n, Erik},
  journal  = {PLACEHOLDER},
  title    = {{Double shrinkage GMV portfolio, FIXME}},
  year     = {2022},
  keywords = {included_in_thesis},
  sortkey  = {5},
}

@Article{bodnar2020quantile,
  author   = {Bodnar, Taras and Lindholm, Mathias and Niklasson, Vilhelm and Thors{\'e}n, Erik},
  journal  = {To appear in Applied Mathematics and Computation},
  title    = {{Bayesian Quantile-Based Portfolio Selection}},
  year     = {2020},
  note     = {Accepted with revision},
  comment  = {Accepted with revision},
  keywords = {papers_list},
}

@Article{bodnar2021bayesian,
  author   = {Bodnar, Taras and Niklasson, Vilhelm and Thors{\'e}n, Erik},
  journal  = {Research report in Mathematical statistics, 2021:6},
  title    = {{Volatility Sensitive Bayesian Estimation of Portfolio VaR and CVaR}},
  year     = {2021},
  keywords = {papers_list},
}

@Article{barndorff2004econometric,
  author    = {Barndorff-Nielsen, Ole E. and Shephard, Neil},
  journal   = {Econometrica},
  title     = {Econometric analysis of realized covariation: High frequency based covariance, regression, and correlation in financial economics},
  year      = {2004},
  number    = {3},
  pages     = {885--925},
  volume    = {72},
  publisher = {Wiley Online Library},
}

@phdthesis{alfelt2021modeling,
  title={Modeling the covariance matrix of financial asset returns},
  author={Alfelt, Gustav},
  year={2021},
  school={Department of Mathematics, Stockholm University}
}

@article{azzalini2005skew,
  title={The skew-normal distribution and related multivariate families},
  author={Azzalini, Adelchi},
  journal={Scandinavian Journal of Statistics},
  volume={32},
  number={2},
  pages={159--188},
  year={2005},
  publisher={Wiley Online Library}
}

@Article{dominguez2007matrix,
  author    = {Dominguez-Molina, J. Armando and Gonzaez-Farias, Graciela and Ramos-Quiroga, Rogelio and Gupta, Arjun K.},
  journal   = {Communications in Statistics—Theory and Methods},
  title     = {A matrix variate closed skew-normal distribution with applications to stochastic frontier analysis},
  year      = {2007},
  number    = {9},
  pages     = {1691--1703},
  volume    = {36},
  publisher = {Taylor \& Francis},
}

@Book{higham2002accuracy,
  author    = {Higham, Nicholas J.},
  publisher = {SIAM},
  title     = {Accuracy and stability of numerical algorithms},
  year      = {2002},
}

@book{james2013introduction,
  title={An introduction to statistical learning},
  author={James, Gareth and Witten, Daniela and Hastie, Trevor and Tibshirani, Robert},
  volume={112},
  year={2013},
  publisher={Springer}
}


@misc{basel4,
   author = "{The Basel Committee on Banking Supervision}",
   title = "{Minimum capital requirements for market risk}",
   year = {2019},
   url = "{https://www.bis.org/bcbs/publ/d457.pdf}",
   note = {Online: accessed 12-April-2021}
}

@article{karlsson2021statistical,
  title={Statistical inference for the tangency portfolio in high dimension},
  author={Karlsson, Sune and Mazur, Stepan and Muhinyuza, Stanislas},
  journal={Statistics},
  volume={55},
  number={3},
  pages={532--560},
  year={2021},
  publisher={Taylor \& Francis}
}

@book{wasserman2004all,
  title={All of statistics: a concise course in statistical inference},
  author={Wasserman, Larry},
  volume={26},
  year={2004},
  publisher={Springer}
}

@Article{BodnarOkhrin2008,
  author  = {Bodnar, Taras and Okhrin, Yarema},
  journal = {Journal of Multivariate Analysis},
  title   = {{Properties of the singular, inverse and generalized inverse partitioned Wishart distributions}},
  year    = {2008},
  pages   = {2389--2405},
  volume  = {99},
}

	
@article{paul2014random,
  title={Random matrix theory in statistics: A review},
  author={Paul, Debashis and Aue, Alexander},
  journal={Journal of Statistical Planning and Inference},
  volume={150},
  pages={1--29},
  year={2014},
  publisher={Elsevier}
}

@Manual{HDShOP,
  title  = {{HDShOP: High-Dimensional Shrinkage Optimal Portfolios}},
  author = {Taras Bodnar and Solomiia Dmytriv and Yarema Okhrin and Dmitry Otryakhin and Nestor Parolya},
  note   = {R package version 0.1.1},
  year   = {2021},
  url    = {https://CRAN.R-project.org/package=HDShOP},
}

  
@Manual{DOSPortfolio,
  title    = {{DOSPortfolio: Dynamic Optimal Shrinkage of High-Dimensional Portfolios}},
  author   = {Taras Bodnar and Nestor Parolya and Erik Thors\'{e}n},
  note     = {R package version 0.1},
  year     = {2021},
  keywords = {papers_list},
  url      = {https://CRAN.R-project.org/package=DOSPortfolio},
}

@Article{engle1995multivariate,
  author    = {Engle, Robert F. and Kroner, Kenneth F.},
  journal   = {Econometric theory},
  title     = {{Multivariate simultaneous generalized ARCH}},
  year      = {1995},
  number    = {1},
  pages     = {122--150},
  volume    = {11},
  publisher = {Cambridge University Press},
}

@Misc{brown2020language,
  author        = {Tom B. Brown and Benjamin Mann and Nick Ryder and Melanie Subbiah and Jared Kaplan and Prafulla Dhariwal and Arvind Neelakantan and Pranav Shyam and Girish Sastry and Amanda Askell and Sandhini Agarwal and Ariel Herbert-Voss and Gretchen Krueger and Tom Henighan and Rewon Child and Aditya Ramesh and Daniel M. Ziegler and Jeffrey Wu and Clemens Winter and Christopher Hesse and Mark Chen and Eric Sigler and Mateusz Litwin and Scott Gray and Benjamin Chess and Jack Clark and Christopher Berner and Sam McCandlish and Alec Radford and Ilya Sutskever and Dario Amodei},
  title         = {{Language Models are Few-Shot Learners}},
  year          = {2020},
  archiveprefix = {arXiv},
  eprint        = {2005.14165},
  primaryclass  = {cs.CL},
}

@phdthesis{thorsen2019assessment,
  title={Assessment of the uncertainty in small and large dimensional portfolio allocation},
  author={Thors{\'e}n, Erik},
  year={2019},
  school={Department of Mathematics, Stockholm University}
}

  
@article{kempf2006estimating,
  title={Estimating the global minimum variance portfolio},
  author={Kempf, Alexander and Memmel, Christoph},
  journal={Schmalenbach Business Review},
  volume={58},
  number={4},
  pages={332--348},
  year={2006},
  publisher={Springer}
}

@article{bodnar2017bayesian,
  title={Bayesian estimation of the global minimum variance portfolio},
  author={Bodnar, Taras and Mazur, Stepan and Okhrin, Yarema},
  journal={European Journal of Operational Research},
  volume={256},
  number={1},
  pages={292--307},
  year={2017},
  publisher={Elsevier}
}

@Article{LiStoicaWang2004,
  author  = {Jian Li and P. Stoica and Zhisong Wang},
  journal = {IEEE Transactions on Signal Processing},
  title   = {{Doubly constrained robust Capon beamformer}},
  year    = {2004},
  number  = {9},
  pages   = {2407--2423},
  volume  = {52},
}

@Article{el2010high,
  author    = {El Karoui, Noureddine},
  journal   = {The Annals of Statistics},
  title     = {{High-dimensionality effects in the Markowitz problem and other quadratic programs with linear constraints: Risk underestimation}},
  year      = {2010},
  number    = {6},
  pages     = {3487--3566},
  volume    = {38},
  publisher = {Institute of Mathematical Statistics},
}

@Article{marchenko1967distribution,
  author    = {Marchenko, Vladimir Alexandrovich and Pastur, Leonid Andreevich},
  journal   = {Matematicheskii Sbornik},
  title     = {Distribution of eigenvalues for some sets of random matrices},
  year      = {1967},
  number    = {4},
  pages     = {507--536},
  volume    = {114},
  publisher = {Russian Academy of Sciences, Steklov Mathematical Institute of Russian},
}

@Article{ross2013arbitrage,
  author  = {Ross, Stephen A.},
  journal = {Journal of economic theory},
  title   = {The arbitrage theory of capital asset pricing},
  year    = {1976},
  pages   = {341--360},
}

@Comment{jabref-meta: databaseType:bibtex;}
